@InProceedings{formin,
author="Fomin, Fedor V.
and Gaspers, Serge
and Pyatkin, Artem V.",
editor="Bodlaender, Hans L.
and Langston, Michael A.",
title="Finding a Minimum Feedback Vertex Set in Time {$ O(1.7548^n) $}",
booktitle="Parameterized and Exact Computation",
year="2006",
publisher="Springer Berlin Heidelberg",
address="Berlin, Heidelberg",
pages="184--191",
abstract="We present an {$ O(1.7548^n) $} algorithm finding a minimum feedback vertex set in a graph on n vertices.",
isbn="978-3-540-39101-2"
}

